@book{spec,
  author = {{RISC-V Foundation}},
  publisher = {Andrew Waterman and Krste AsanoviÄ‡},
  title = {The RISC-V Instruction Set Manual, Volume I: User-Level ISA, Document Version 20191213},
  year = 2019
}

@misc{digital,
  author = {H. Neeman},
  title = {{Digital Logic Designer and Circuit Simulator}},
  howpublished = {\url{https://github.com/hneemann/Digital}},
  note = {Accessed: 2023-11-06}  
}
